<?xml version="1.0" encoding="UTF-8"?><collection xmlns="http://www.loc.gov/MARC21/slim"><record><leader>00392nam--2200121-i-4500</leader><controlfield tag="001">000018152</controlfield><controlfield tag="002">20161230</controlfield><controlfield tag="005">20161230201032</controlfield><controlfield tag="008">060222s1000------------r-----000-0-eng-d</controlfield><datafield ind1=" " ind2=" " tag="100"><subfield code="a">Fitzgerald, A.E. And Higginbotham, D.E</subfield></datafield><datafield ind1=" " ind2=" " tag="245"><subfield code="a">Basic electrical engineering. circuits-mechanics-electronics control. 2-nd edition</subfield></datafield><datafield ind1=" " ind2=" " tag="260"><subfield code="a">New York, Mcgraw-hill Comp., Inc., 1957 Xi + 541 P</subfield></datafield><datafield ind1=" " ind2=" " tag="852"><subfield code="a">12372</subfield></datafield></record></collection>